%-- Libros
@book{gonzalez1995redes,
  title={Redes neuronales artificiales: fundamentos, modelos y aplicaciones},
  author={Gonz{\'a}lez, Jos{\'e} Ram{\'o}n Hilera and Hernando, V{\'\i}ctor Jos{\'e} Mart{\'\i}nez},
  year={1995},
  publisher={Ra-ma}
}

@book{lopez2008redes,
  title={Las redes neuronales artificiales},
  author={L{\'o}pez, Raquel Florez and Fernandez, Jos{\'e} Miguel Fernandez},
  year={2008},
  publisher={Netbiblo}
}

%-- Tutoriales
@misc{ng2012ufldl,
  title={UFLDL tutorial},
  author={Ng, Andrew and Ngiam, Jiquan and Foo, Chuan Y and Mai, Yifan and Suen, Caroline},
  year={2012}
}

@misc{li2015cs231n,
  title={CS231n: Convolutional Neural Networks for Visual Recognition},
  author={Li, Fei-Fei and Karpathy, Andrej},
  year={2015}
}

@article{nielsen2015neural,
  title={Neural Networks and Deep Learning},
  author={Nielsen, Michael A},
  journal={URL: http://neuralnetworksanddeeplearning.com},
  year={2015}
}

%-- Papers
@article{bishop2006pattern,
  title={Pattern recognition},
  author={Bishop, Christopher M},
  journal={Machine Learning},
  volume={128},
  year={2006}
}

@article{haykin2004comprehensive,
  title={A comprehensive foundation},
  author={Haykin, Simon and Network, Neural},
  journal={Neural Networks},
  volume={2},
  number={2004},
  year={2004}
}

@article{hinton2012deep,
  title={Deep neural networks for acoustic modeling in speech recognition: The shared views of four research groups},
  author={Hinton, Geoffrey and Deng, Li and Yu, Dong and Dahl, George E and Mohamed, Abdel-rahman and Jaitly, Navdeep and Senior, Andrew and Vanhoucke, Vincent and Nguyen, Patrick and Sainath, Tara N and others},
  journal={Signal Processing Magazine, IEEE},
  volume={29},
  number={6},
  pages={82--97},
  year={2012},
  publisher={IEEE}
}

@article{hinton2012improving,
  title={Improving neural networks by preventing co-adaptation of feature detectors},
  author={Hinton, Geoffrey E and Srivastava, Nitish and Krizhevsky, Alex and Sutskever, Ilya and Salakhutdinov, Ruslan R},
  journal={arXiv preprint arXiv:1207.0580},
  year={2012}
}

@article{hochreiter1997long,
  title={Long short-term memory},
  author={Hochreiter, Sepp and Schmidhuber, J{\"u}rgen},
  journal={Neural computation},
  volume={9},
  number={8},
  pages={1735--1780},
  year={1997},
  publisher={MIT Press}
}

@article{williams1986learning,
  title={Learning representations by back-propagating errors},
  author={Williams, DE Rumelhart GE Hinton RJ and Hinton, GE},
  journal={Nature},
  volume={323},
  pages={533--536},
  year={1986}
}

@article{srivastava2014dropout,
  title={Dropout: A simple way to prevent neural networks from overfitting},
  author={Srivastava, Nitish and Hinton, Geoffrey and Krizhevsky, Alex and Sutskever, Ilya and Salakhutdinov, Ruslan},
  journal={The Journal of Machine Learning Research},
  volume={15},
  number={1},
  pages={1929--1958},
  year={2014},
  publisher={JMLR. org}
}

@article{baldi2014dropout,
  title={The dropout learning algorithm},
  author={Baldi, Pierre and Sadowski, Peter},
  journal={Artificial intelligence},
  volume={210},
  pages={78--122},
  year={2014},
  publisher={Elsevier}
}

@article{zou2005regularization,
  title={Regularization and variable selection via the elastic net},
  author={Zou, Hui and Hastie, Trevor},
  journal={Journal of the Royal Statistical Society: Series B (Statistical Methodology)},
  volume={67},
  number={2},
  pages={301--320},
  year={2005},
  publisher={Wiley Online Library}
}

@article{donoho2000high,
  title={High-dimensional data analysis: The curses and blessings of dimensionality},
  author={Donoho, David L and others},
  journal={AMS Math Challenges Lecture},
  pages={1--32},
  year={2000}
}

@article{hinton2006reducing,
  title={Reducing the dimensionality of data with neural networks},
  author={Hinton, Geoffrey E and Salakhutdinov, Ruslan R},
  journal={Science},
  volume={313},
  number={5786},
  pages={504--507},
  year={2006},
  publisher={American Association for the Advancement of Science}
}

@article{bergstra2012random,
  title={Random search for hyper-parameter optimization},
  author={Bergstra, James and Bengio, Yoshua},
  journal={The Journal of Machine Learning Research},
  volume={13},
  number={1},
  pages={281--305},
  year={2012},
  publisher={JMLR. org}
}

@article{zeiler2012adadelta,
  title={ADADELTA: an adaptive learning rate method},
  author={Zeiler, Matthew D},
  journal={arXiv preprint arXiv:1212.5701},
  year={2012}
}

@inproceedings{kohavi1995study,
  title={A study of cross-validation and bootstrap for accuracy estimation and model selection},
  author={Kohavi, Ron and others},
  booktitle={Ijcai},
  volume={14},
  number={2},
  pages={1137--1145},
  year={1995}
}

@inproceedings{nesterov1983method,
  title={A method for unconstrained convex minimization problem with the rate of convergence O (1/k2)},
  author={Nesterov, Yurii},
  booktitle={Doklady an SSSR},
  volume={269},
  number={3},
  pages={543--547},
  year={1983}
}

@inproceedings{cotter2011better,
  title={Better mini-batch algorithms via accelerated gradient methods},
  author={Cotter, Andrew and Shamir, Ohad and Srebro, Nati and Sridharan, Karthik},
  booktitle={Advances in neural information processing systems},
  pages={1647--1655},
  year={2011}
}

@inproceedings{taigman2014deepface,
  title={Deepface: Closing the gap to human-level performance in face verification},
  author={Taigman, Yaniv and Yang, Ming and Ranzato, Marc'Aurelio and Wolf, Lior},
  booktitle={Proceedings of the IEEE Conference on Computer Vision and Pattern Recognition},
  pages={1701--1708},
  year={2014}
}

%@inproceedings{wan2013regularization,
%  title={Regularization of neural networks using dropconnect},
%  author={Wan, Li and Zeiler, Matthew and Zhang, Sixin and Cun, Yann L and Fergus, Rob},
%  booktitle={Proceedings of the 30th International Conference on Machine Learning (ICML-13)},
%  pages={1058--1066},
%  year={2013}
%}

@inproceedings{le2013building,
  title={Building high-level features using large scale unsupervised learning},
  author={Le, Quoc V},
  booktitle={Acoustics, Speech and Signal Processing (ICASSP), 2013 IEEE International Conference on},
  pages={8595--8598},
  year={2013},
  organization={IEEE}
}

@inproceedings{marc2007efficient,
  title={Efficient learning of sparse representations with an energy-based model},
  author={Marc' Aurelio Ranzato, Christopher Poultney and Chopra, Sumit and LeCun, Yann},
  booktitle={Proceedings of NIPS},
  year={2007}
}

@inproceedings{vincent2008extracting,
  title={Extracting and composing robust features with denoising autoencoders},
  author={Vincent, Pascal and Larochelle, Hugo and Bengio, Yoshua and Manzagol, Pierre-Antoine},
  booktitle={Proceedings of the 25th international conference on Machine learning},
  pages={1096--1103},
  year={2008},
  organization={ACM}
}

@article{kingma2013auto,
  title={Auto-encoding variational bayes},
  author={Kingma, Diederik P and Welling, Max},
  journal={arXiv preprint arXiv:1312.6114},
  year={2013}
}

@inproceedings{he2015delving,
  title={Delving deep into rectifiers: Surpassing human-level performance on imagenet classification},
  author={He, Kaiming and Zhang, Xiangyu and Ren, Shaoqing and Sun, Jian},
  booktitle={Proceedings of the IEEE International Conference on Computer Vision},
  pages={1026--1034},
  year={2015}
}

@inproceedings{glorot2010understanding,
  title={Understanding the difficulty of training deep feedforward neural networks},
  author={Glorot, Xavier and Bengio, Yoshua},
  booktitle={International conference on artificial intelligence and statistics},
  pages={249--256},
  year={2010}
}

@article{erhan2009visualizing,
  title={Visualizing higher-layer features of a deep network},
  author={Erhan, Dumitru and Bengio, Yoshua and Courville, Aaron and Vincent, Pascal},
  journal={University of Montreal},
  volume={1341},
  year={2009}
}

@article{walker2015deep,
  title={Deep Convolutional Neural Networks for Brain Computer Interface using Motor Imagery},
  author={Walker, Ian and Deisenroth, Marc and Faisal, Aldo},
  year={2015}
}

@article{van2014analysis,
  title={Analysis of Deep Convolutional Neural Network Architectures},
  author={van Doorn, Joost},
  year={2014}
}

@article{bengio2009learning,
  title={Learning deep architectures for AI},
  author={Bengio, Yoshua},
  journal={Foundations and trends{\textregistered} in Machine Learning},
  volume={2},
  number={1},
  pages={1--127},
  year={2009},
  publisher={Now Publishers Inc.}
}

@article{erhan2010does,
  title={Why does unsupervised pre-training help deep learning?},
  author={Erhan, Dumitru and Bengio, Yoshua and Courville, Aaron and Manzagol, Pierre-Antoine and Vincent, Pascal and Bengio, Samy},
  journal={Journal of Machine Learning Research},
  volume={11},
  number={Feb},
  pages={625--660},
  year={2010}
}

@article{bahrampour2015comparative,
  title={Comparative Study of Caffe, Neon, Theano, and Torch for Deep Learning},
  author={Bahrampour, Soheil and Ramakrishnan, Naveen and Schott, Lukas and Shah, Mohak},
  journal={arXiv preprint arXiv:1511.06435},
  year={2015}
}

@article{silver2016mastering,
  title={Mastering the game of Go with deep neural networks and tree search},
  author={Silver, David and Huang, Aja and Maddison, Chris J and Guez, Arthur and Sifre, Laurent and Van Den Driessche, George and Schrittwieser, Julian and Antonoglou, Ioannis and Panneershelvam, Veda and Lanctot, Marc and others},
  journal={Nature},
  volume={529},
  number={7587},
  pages={484--489},
  year={2016},
  publisher={Nature Publishing Group}
}

@misc{hochreiter2001gradient,
  title={Gradient flow in recurrent nets: the difficulty of learning long-term dependencies},
  author={Hochreiter, Sepp and Bengio, Yoshua and Frasconi, Paolo and Schmidhuber, J{\"u}rgen},
  year={2001},
  publisher={A field guide to dynamical recurrent neural networks. IEEE Press}
}

%-- Articulos
@misc{arora2015deep,
  title={Deep Learning with H2O},
  author={Arora, Anisha and Candel, Arno and Lanford, Jessica and LeDell, Erin and Parmar, Viraj},
  year={2015}
}

@misc{dettmers2015deep,
  title = {Deep Learning in a Nutshell: History and Training},
  author = {Tim Dettmers},
  howpublished = {\url{https://devblogs.nvidia.com/parallelforall/deep-learning-nutshell-history-training/}},
  note = {Accedido: 22-02-2016}
}

@misc{ds2016deepdive,
  title = {Optimization of Gradient Descent},
  author = {DataScience Deep Dive},
  howpublished = {\url{http://dsdeepdive.blogspot.com/2016/03/optimizations-of-gradient-descent.html}},
  note = {Accedido: 19-10-2016}
}

@misc{ruder2016optimization,
  title = {An overview of gradient descent optimization algorithms},
  author = {Sebastian Ruder},
  howpublished = {\url{http://sebastianruder.com/optimizing-gradient-descent/}},
  note = {Accedido: 19-10-2016}
}

%-- Distribuido

@inproceedings{dean2012large,
  title={Large scale distributed deep networks},
  author={Dean, Jeffrey and Corrado, Greg and Monga, Rajat and Chen, Kai and Devin, Matthieu and Mao, Mark and Senior, Andrew and Tucker, Paul and Yang, Ke and Le, Quoc V and others},
  booktitle={Advances in Neural Information Processing Systems},
  pages={1223--1231},
  year={2012}
}

@article{abadi2016tensorflow,
  title={Tensorflow: Large-scale machine learning on heterogeneous distributed systems},
  author={Abadi, Mart{\i}n and Agarwal, Ashish and Barham, Paul and Brevdo, Eugene and Chen, Zhifeng and Citro, Craig and Corrado, Greg S and Davis, Andy and Dean, Jeffrey and Devin, Matthieu and others},
  journal={arXiv preprint arXiv:1603.04467},
  year={2016}
}

@inproceedings{deng2012scalable,
  title={Scalable stacking and learning for building deep architectures},
  author={Deng, Li and Yu, Dong and Platt, John},
  booktitle={Acoustics, Speech and Signal Processing (ICASSP), 2012 IEEE International Conference on},
  pages={2133--2136},
  year={2012},
  organization={IEEE}
}

@inproceedings{recht2011hogwild,
  title={Hogwild: A lock-free approach to parallelizing stochastic gradient descent},
  author={Recht, Benjamin and Re, Christopher and Wright, Stephen and Niu, Feng},
  booktitle={Advances in Neural Information Processing Systems},
  pages={693--701},
  year={2011}
}


