--BCI
@article{farwell1988talking,
  title={Talking off the top of your head: toward a mental prosthesis utilizing event-related brain potentials},
  author={Farwell, Lawrence Ashley and Donchin, Emanuel},
  journal={Electroencephalography and clinical Neurophysiology},
  volume={70},
  number={6},
  pages={510--523},
  year={1988},
  publisher={Elsevier}
}

@article{farwell1991truth,
  title={The Truth Will Out: Interrogative Polygraphy (``Lie Detection'') With Event-Related Brain Potentials},
  author={Farwell, Lawrence A and Donchin, Emanuel},
  journal={Psychophysiology},
  volume={28},
  number={5},
  pages={531--547},
  year={1991},
  publisher={Wiley Online Library}
}

@article{forslund2003neural,
  title={A neural network based brain-computer interface for classification of movement related EEG},
  author={Forslund, Pontus},
  year={2003},
  publisher={Institutionen f{\"o}r konstruktions-och produktionsteknik}
}

@article{abaitua2012procesado,
  title={Procesado de se{\~n}ales EEG para un interfaz cerebro-m{\'a}quina (BCI)},
  author={Abaitua, Torre and others},
  year={2012}
}

@article{blankertz2002classifying,
  title={Classifying single trial EEG: Towards brain computer interfacing},
  author={Blankertz, Benjamin and Curio, Gabriel and Muller, Klaus-Robert},
  journal={Advances in neural information processing systems},
  volume={1},
  pages={157--164},
  year={2002},
  publisher={MIT; 1998}
}

@article{wolpaw2004control,
  title={Control of a two-dimensional movement signal by a noninvasive brain-computer interface in humans},
  author={Wolpaw, Jonathan R and McFarland, Dennis J},
  journal={Proceedings of the National Academy of Sciences of the United States of America},
  volume={101},
  number={51},
  pages={17849--17854},
  year={2004},
  publisher={National Acad Sciences}
}

@inproceedings{gareis2011feature,
  title={Feature extraction on brain computer interfaces using discrete dyadic wavelet transform: preliminary results},
  author={Gareis, I and Gentiletti, G and Acevedo, R and Rufiner, L},
  booktitle={Journal of Physics: Conference Series},
  volume={313},
  number={1},
  pages={012011},
  year={2011},
  organization={IOP Publishing}
}

--P300
@article{hoffmann2008efficient,
  title={An efficient P300-based brain--computer interface for disabled subjects},
  author={Hoffmann, Ulrich and Vesin, Jean-Marc and Ebrahimi, Touradj and Diserens, Karin},
  journal={Journal of Neuroscience methods},
  volume={167},
  number={1},
  pages={115--125},
  year={2008},
  publisher={Elsevier}
}

@article{atum2009deteccion,
  title={Detecci{\'o}n de P300 en Interfaz Cerebro Computadora mediante Algoritmos Gen{\'e}ticos y M{\'a}quinas de Soporte Vectorial},
  author={Atum, Yanina and Gentiletti, Gerardo G and Acevedo, Rub{\'e}n and Rufiner, Leonardo},
  journal={LIRINS, Facultad de Ingenier{\'\i}a, UNER, SINC, Facultad de Ingenier{\'\i}a y Ciencias H{\'\i}dricas, UNL},
  year={2009}
}

@inproceedings{khan2009survey,
  title={A survey of recent trends in one class classification},
  author={Khan, Shehroz S and Madden, Michael G},
  booktitle={Irish conference on Artificial Intelligence and Cognitive Science},
  pages={188--197},
  year={2009},
  organization={Springer}
}

--ImgSpeech

@article{coretto2016imaginada,
  title={Dise{\~n}o y elaboraci{\'o}n de una base de datos p{\'u}blica de registros electroencefalogr{\'a}ficos orientados a la clasificaci{\'o}n de habla imaginada},
  author={Pressel, Germ{\'a}n and Rufiner, Leonardo},
  journal={Proyecto Final de Bioingenier{\'\i}a, FIUNER, Oro Verde, Entre R{\'\i}os},
  year={2016}
}

@article{suppes1997brain,
  title={Brain wave recognition of words},
  author={Suppes, Patrick and Lu, Zhong-Lin and Han, Bing},
  journal={Proceedings of the National Academy of Sciences},
  volume={94},
  number={26},
  pages={14965--14969},
  year={1997},
  publisher={National Acad Sciences}
}

@article{wester2006unspoken,
  title={Unspoken speech-speech recognition based on electroencephalography},
  author={Wester, Marek and Schultz, T},
  journal={Master's thesis, Universit{\"a}t Karlsruhe (TH), Karlsruhe, Germany},
  year={2006}
}

@article{dasalla2009single,
  title={Single-trial classification of vowel speech imagery using common spatial patterns},
  author={DaSalla, Charles S and Kambara, Hiroyuki and Sato, Makoto and Koike, Yasuharu},
  journal={Neural Networks},
  volume={22},
  number={9},
  pages={1334--1339},
  year={2009},
  publisher={Elsevier}
}

@article{wand2007wavelet,
  title={Wavelet-based Preprocessing of Electroencephalographic and Electromyographic Signals for Speech Recognition},
  author={Wand, Michael},
  journal={Studienarbeit Lehrstuhl Prof. Waibel Interactive Systems Laboratories Carnegie Mellon University, Pittsburgh, PA, USA and Institut f{\"u}r Theoretische Informatik Universit{\"a}t Karlsruhe (TH), Karlsruhe, Germany},
  year={2007}
}

@article{calliess2006further,
  title={Further investigations on unspoken speech},
  author={Calliess, Jan-Peter and Schultz, T},
  journal={Studienarbeit, Universita t Karlsruhe (TH), Karlsruhe, Germany},
  year={2006}
}

@article{porbadnigk2008eeg,
  title={Eeg-based speech recognition: Impact of experimental design on performance},
  author={Porbadnigk, A and Schultz, T},
  journal={Institut f{\"u}r Algorithmen und Kognitive Systeme, Universit{\"a}t Karlsruhe (TH), Karlsruhe, Germany},
  year={2008}
}

@article{torres2013analisis,
  title={An{\'a}lisis de se{\~n}ales electroencefalogr{\'a}ficas para la clasificaci{\'o}n de habla imaginada},
  author={Torres-Garc{\'\i}a, AA and Reyes-Garc{\'\i}a, CA and Villase{\~n}or-Pineda, L and Ram{\'\i}rez-Cort{\'e}s, JM},
  journal={Revista mexicana de ingenier{\'\i}a biom{\'e}dica},
  volume={34},
  number={1},
  pages={23--39},
  year={2013},
  publisher={Sociedad Mexicana de Ingenier{\'\i}a Biom{\'e}dica}
}

@article{muller1999designing,
  title={Designing optimal spatial filters for single-trial EEG classification in a movement task},
  author={M{\"u}ller-Gerking, Johannes and Pfurtscheller, Gert and Flyvbjerg, Henrik},
  journal={Clinical neurophysiology},
  volume={110},
  number={5},
  pages={787--798},
  year={1999},
  publisher={Elsevier}
}
@article{ramoser2000optimal,
  title={Optimal spatial filtering of single trial EEG during imagined hand movement},
  author={Ramoser, Herbert and Muller-Gerking, Johannes and Pfurtscheller, Gert},
  journal={Rehabilitation Engineering, IEEE Transactions on},
  volume={8},
  number={4},
  pages={441--446},
  year={2000},
  publisher={IEEE}
}

@article{chia2011eeg,
  title={EEG-based discrimination of imagined speech phonemes},
  author={Chia, Xuemin and Hagedorna, John B and Schoonovera, Daniel and D' Zmuraa, Michael},
  journal={International Journal of Bioelectromagnetism},
  volume={13},
  number={4},
  pages={201--206},
  year={2011}
}

@inproceedings{d2009toward,
  title={Toward EEG sensing of imagined speech},
  author={D' Zmura, Michael and Deng, Siyi and Lappas, Tom and Thorpe, Samuel and Srinivasan, Ramesh},
  booktitle={International Conference on Human-Computer Interaction},
  pages={40--48},
  year={2009},
  organization={Springer}
}

