%--Framework
@misc{frameworkMClifton,
  title = {What Is A Framework?},
  author = {Marc Clifton},
  howpublished = {\url{http://www.codeproject.com/Articles/5381/What-Is-A-Framework}},
  note = {Accedido: 04-01-2016}
}

@misc{CIMFowler,
  title = {Continous Integration},
  author = {Martin Fowler},
  howpublished = {\url{http://martinfowler.com/articles/continuousIntegration.html}},
  note = {Accedido: 05-10-2016}
}

@article{fayad1997object,
  title={Object-oriented application frameworks},
  author={Fayad, Mohamed and Schmidt, Douglas C},
  journal={Communications of the ACM},
  volume={40},
  number={10},
  pages={32--38},
  year={1997},
  publisher={ACM}
}

%--Caracteristicas
@article{powers2011evaluation,
  title={Evaluation: from precision, recall and F-measure to ROC, informedness, markedness and correlation},
  author={Powers, David Martin},
  year={2011},
  publisher={Bioinfo Publications}
}

@article{bayer2016climin,
  title={climin - A pythonic framework for gradient-based function optimization},
  author={Bayer, J. and Osendorfer, C. and Diot-Girard, S. and R{\"u}ckstiess, T. and Urban, Sebastian},
  journal={TUM Tech Report},
  howpublished = {\url{http://github.com/BRML/climin}},
  year={2016},
}

@article{sokolova2009systematic,
  title={A systematic analysis of performance measures for classification tasks},
  author={Sokolova, Marina and Lapalme, Guy},
  journal={Information Processing \& Management},
  volume={45},
  number={4},
  pages={427--437},
  year={2009},
  publisher={Elsevier}
}


@inproceedings{yang1999re,
  title={A re-examination of text categorization methods},
  author={Yang, Yiming and Liu, Xin},
  booktitle={Proceedings of the 22nd annual international ACM SIGIR conference on Research and development in information retrieval},
  pages={42--49},
  year={1999},
  organization={ACM}
}

@book{lehmann2006theory,
  title={Theory of point estimation},
  author={Lehmann, Erich Leo and Casella, George},
  year={2006},
  publisher={Springer Science \& Business Media}
}

@inproceedings{ferrado2016filtering,
  title={Filtrando eventos de seguridad en forma conservativa mediante deep learning},
  author={Ferrado, Leandro and Cuenca-Acuna, Mat√≠as},
  journal={ASAI, 17\textordmasculine Simposio Argentino de Inteligencia Artificial},
  note={{ISSN:} 2451--7585},
  pages={94--101},
  year={2016},
  publisher={45 JAIIO}
}


