% -- Libros y art√≠culos

@book{karau2015learning,
  title={Learning Spark: Lightning-Fast Big Data Analysis},
  author={Karau, Holden and Konwinski, Andy and Wendell, Patrick and Zaharia, Matei},
  year={2015},
  publisher={O ' Reilly Media, Inc.}
}

@article{armbrust2015scaling,
  title={Scaling spark in the real world: performance and usability},
  author={Armbrust, Michael and Das, Tathagata and Davidson, Aaron and Ghodsi, Ali and Or, Andrew and Rosen, Josh and Stoica, Ion and Wendell, Patrick and Xin, Reynold and Zaharia, Matei},
  journal={Proceedings of the VLDB Endowment},
  volume={8},
  number={12},
  pages={1840--1843},
  year={2015},
  publisher={VLDB Endowment}
}

% -- Relacionados
@article{dean2008mapreduce,
  title={MapReduce: simplified data processing on large clusters},
  author={Dean, Jeffrey and Ghemawat, Sanjay},
  journal={Communications of the ACM},
  volume={51},
  number={1},
  pages={107--113},
  year={2008},
  publisher={ACM}
}

@article{kaur2014comparative,
  title={A comparative analysis: Grid, cluster and cloud computing},
  author={Kaur, Kiranjot and Rai, Anjandeep Kaur},
  journal={International Journal of Advanced Research in Computer and Communication Engineering},
  volume={3},
  number={3},
  pages={5730--5734},
  year={2014}
}

@book{white2012hadoop,
  title={Hadoop: The definitive guide},
  author={White, Tom},
  year={2012},
  publisher={" O ' Reilly Media, Inc."}
}

@book{snir1998mpi,
  title={MPI--the Complete Reference: The MPI core},
  author={Snir, Marc},
  volume={1},
  year={1998},
  publisher={MIT press}
}

@misc{tuningJavaGCspark,
  title = {Tuning Java Garbage Collection for Spark Applications},
  author = {Daoyuan Wang and Jie Huang},
  howpublished = {\url{https://databricks.com/blog/2015/05/28/tuning-java-garbage-collection-for-spark-applications.html}},
  note = {Accedido: 18-12-2015}
}

@misc{rojo2003introduccion,
  title={Introducci{\'o}n a los sistemas distribuidos},
  author={Rojo, Oscar},
  year={2003},
  publisher={Consultado el 17/05/2016 en: http://augcyl. org}
}

@misc{coulourisdistributed,
  title={Distributed Systems: Concepts and Design, 1994},
  author={Coulouris, George and Dollimore, J and Kindberg, T},
  publisher={Addison Wesley,}
}


